<?xml version="1.0" encoding="UTF-8"?><collection xmlns="http://www.loc.gov/MARC21/slim"><record><leader>00379nam--2200109-i-4500</leader><controlfield tag="001">000047697</controlfield><controlfield tag="002">20161230</controlfield><controlfield tag="005">20161230201046</controlfield><controlfield tag="008">060222s1000------------r-----000-0-eng-d</controlfield><datafield ind1=" " ind2=" " tag="245"><subfield code="a">Wissenschaftliche photographie. erebnisse der int.konf.fur wissenschaftiliche photographie, koln 24-27. september 1956</subfield></datafield><datafield ind1=" " ind2=" " tag="260"><subfield code="a">Dermstadt, Verlag Dr.Othmar Helwich, 1958. Xviii + 723 P</subfield></datafield><datafield ind1=" " ind2=" " tag="852"><subfield code="a">13689</subfield></datafield></record></collection>